<record><leader>00000cas a22000007a 4500</leader><controlfield tag="001">13439535</controlfield><controlfield tag="008">860416d19061909nvuir ne      0    0eng d</controlfield><datafield ind1=" " ind2=" " tag="010"><subfield code="a">sn 86076014 </subfield></datafield><datafield ind1=" " ind2=" " tag="040"><subfield code="a">NNX</subfield><subfield code="b">eng</subfield><subfield code="c">NNX</subfield><subfield code="d">OCLCQ</subfield></datafield><datafield ind1=" " ind2=" " tag="042"><subfield code="a">msc</subfield></datafield><datafield ind1="0" ind2="0" tag="245"><subfield code="a">Nevada forum.</subfield></datafield><datafield ind1=" " ind2=" " tag="260"><subfield code="a">Sparks, Nev. :</subfield><subfield code="b">L. Purcell,</subfield><subfield code="c">1906-1909.</subfield></datafield><datafield ind1=" " ind2=" " tag="300"><subfield code="a">6 v.</subfield></datafield><datafield ind1=" " ind2=" " tag="310"><subfield code="a">Three times a week</subfield></datafield><datafield ind1="0" ind2=" " tag="362"><subfield code="a">Vol. 1, no. 1 (Jan. 8, 1905 [i.e. 1906])-v. 6, no. 36 (July 30, 1909).</subfield></datafield><datafield ind1=" " ind2=" " tag="515"><subfield code="a">Jan. 8, 1906 issue misdated 1905.</subfield></datafield><datafield ind1=" " ind2=" " tag="752"><subfield code="a">United States</subfield><subfield code="b">Nevada</subfield><subfield code="c">Washoe</subfield><subfield code="d">Sparks.</subfield></datafield><datafield ind1="0" ind2="0" tag="785"><subfield code="t">Forum (Sparks, Nev.)</subfield><subfield code="w">(DLC)sn 86076015</subfield><subfield code="w">(OCoLC)13439698</subfield></datafield></record>